@STRING{vehi  = "IEEE Trans. Veh. Technol."}
@STRING{tvt  = "IEEE Trans. Veh. Technol."}

@STRING{sig   = "IEEE Trans. Signal Process."}
@STRING{tsp   = "IEEE Trans. Signal Process."}

@STRING{anten   = "IEEE Trans. Antennas and Propagation."}
@STRING{euro  = "European Trans. Telecommun. Related Technol."}
@STRING{el    = "Electronics Letters"}
@STRING{bell  = "Bell System Tech. J."}
@STRING{comm-mag  = "IEEE Commun. Mag."}
@STRING{ieice-comm  = "IEICE Trans. Commun."}
@STRING{ieice-fund  = "IEICE Trans. Fundamentals"}
@STRING{allerton  = "Allerton Conf. Commun. Contr. and Comp."}
@STRING{isit      = "Proc. IEEE Int. Symp. Inform. Theory"}
@STRING{isita     = "Proc. IEEE Int. Symp. Inform. Theory and Its Appl."}
@STRING{isssta    = "Proc. IEEE Int. Symp. Spread Spectrum Tech. Appl."}
@STRING{seta      = "Proc. IEEE Int. Conf. Sequences. and Their Appl."}
@STRING{icc       = "Proc. IEEE Int. Conf. Commun."}
@STRING{globe     = "Proc. IEEE Global Telecommun. Conf."}
@STRING{ccece     = " Proc. IEEE Canadian Conference on Electrical and Computer Engineering  "}
@STRING{vtc       = "Proc. IEEE Veh. Technol. Conf."}
@STRING{wcnc      = "Proc. IEEE Wireless Commun. and Networking. Conf."}
@STRING{milcom    = "Proc. IEEE Military Commun. Conf."}
@STRING{g3        = "Proc. IEEE Int. Conf. 3rd Generation Wireless Commun."}
@STRING{siam      = "J. SIAM."}
@STRING{proc-ieee = "Proc. IEEE"}
@STRING{percomm   = "IEEE Personal Commun."}


@INPROCEEDINGS{5601113, 
author={M. {Tong} and M. {Tang}}, 
booktitle={2010 6th International Conference on Wireless Communications Networking and Mobile Computing (WiCOM)}, 
title={LEACH-B: An Improved LEACH Protocol for Wireless Sensor Network}, 
year={2010}, 
volume={}, 
number={}, 
pages={1-4}, 
keywords={access protocols;wireless sensor networks;LEACH-B protocol;wireless sensor network;cluster head;node residual energy;LEACH-balanced protocol;MATLAB;system energy consumption;network lifetime;low-energy adaptive clustering hierarchy protocol;Wireless sensor networks;Clustering algorithms;Wireless communication;Routing protocols;Routing;Mathematical model}, 
doi={10.1109/WICOM.2010.5601113}, 
ISSN={2161-9646}, 
month={Sep.},}

@ARTICLE{1045297, 
author={W. B. {Heinzelman} and A. P. {Chandrakasan} and H. {Balakrishnan}}, 
journal={IEEE Transactions on Wireless Communications}, 
title={An application-specific protocol architecture for wireless microsensor networks}, 
year={2002}, 
volume={1}, 
number={4}, 
pages={660-670}, 
keywords={electric sensing devices;radio networks;adaptive systems;access protocols;distributed processing;telecommunication network routing;application-specific protocol architecture;wireless microsensor networks;microsensor nodes;remote environment monitoring;wireless communication protocols;low-energy adaptive clustering hierarchy;LEACH;protocol architecture;microsensor networks;energy-efficient cluster-based routing;energy-efficient media access;application-specific data aggregation;system lifetime;network performance;distributed cluster formation;latency;application-perceived quality;self-organization;cluster head positions rotation;distributed signal processing;general-purpose multihopping;media access control protocols;routing protocols;wireless channel;Wireless application protocol;Microsensors;Energy efficiency;Delay;Signal processing algorithms;Remote monitoring;Intelligent networks;Robustness;Wireless communication;Access protocols}, 
doi={10.1109/TWC.2002.804190}, 
ISSN={1536-1276}, 
month={Oct},}


