@STRING{vehi  = "IEEE Trans. Veh. Technol."}
@STRING{tvt  = "IEEE Trans. Veh. Technol."}

@STRING{sig   = "IEEE Trans. Signal Process."}
@STRING{tsp   = "IEEE Trans. Signal Process."}

@STRING{anten   = "IEEE Trans. Antennas and Propagation."}
@STRING{euro  = "European Trans. Telecommun. Related Technol."}
@STRING{el    = "Electronics Letters"}
@STRING{bell  = "Bell System Tech. J."}
@STRING{comm-mag  = "IEEE Commun. Mag."}
@STRING{ieice-comm  = "IEICE Trans. Commun."}
@STRING{ieice-fund  = "IEICE Trans. Fundamentals"}
@STRING{allerton  = "Allerton Conf. Commun. Contr. and Comp."}
@STRING{isit      = "Proc. IEEE Int. Symp. Inform. Theory"}
@STRING{isita     = "Proc. IEEE Int. Symp. Inform. Theory and Its Appl."}
@STRING{isssta    = "Proc. IEEE Int. Symp. Spread Spectrum Tech. Appl."}
@STRING{seta      = "Proc. IEEE Int. Conf. Sequences. and Their Appl."}
@STRING{icc       = "Proc. IEEE Int. Conf. Commun."}
@STRING{globe     = "Proc. IEEE Global Telecommun. Conf."}
@STRING{ccece     = " Proc. IEEE Canadian Conference on Electrical and Computer Engineering  "}
@STRING{vtc       = "Proc. IEEE Veh. Technol. Conf."}
@STRING{wcnc      = "Proc. IEEE Wireless Commun. and Networking. Conf."}
@STRING{milcom    = "Proc. IEEE Military Commun. Conf."}
@STRING{g3        = "Proc. IEEE Int. Conf. 3rd Generation Wireless Commun."}
@STRING{siam      = "J. SIAM."}
@STRING{proc-ieee = "Proc. IEEE"}
@STRING{percomm   = "IEEE Personal Commun."}

