@STRING{vehi  = "IEEE Trans. Veh. Technol."}
@STRING{tvt  = "IEEE Trans. Veh. Technol."}

@STRING{sig   = "IEEE Trans. Signal Process."}
@STRING{tsp   = "IEEE Trans. Signal Process."}

@STRING{anten   = "IEEE Trans. Antennas and Propagation."}
@STRING{euro  = "European Trans. Telecommun. Related Technol."}
@STRING{el    = "Electronics Letters"}
@STRING{bell  = "Bell System Tech. J."}
@STRING{comm-mag  = "IEEE Commun. Mag."}
@STRING{ieice-comm  = "IEICE Trans. Commun."}
@STRING{ieice-fund  = "IEICE Trans. Fundamentals"}
@STRING{allerton  = "Allerton Conf. Commun. Contr. and Comp."}
@STRING{isit      = "Proc. IEEE Int. Symp. Inform. Theory"}
@STRING{isita     = "Proc. IEEE Int. Symp. Inform. Theory and Its Appl."}
@STRING{isssta    = "Proc. IEEE Int. Symp. Spread Spectrum Tech. Appl."}
@STRING{seta      = "Proc. IEEE Int. Conf. Sequences. and Their Appl."}
@STRING{icc       = "Proc. IEEE Int. Conf. Commun."}
@STRING{globe     = "Proc. IEEE Global Telecommun. Conf."}
@STRING{ccece     = " Proc. IEEE Canadian Conference on Electrical and Computer Engineering  "}
@STRING{vtc       = "Proc. IEEE Veh. Technol. Conf."}
@STRING{wcnc      = "Proc. IEEE Wireless Commun. and Networking. Conf."}
@STRING{milcom    = "Proc. IEEE Military Commun. Conf."}
@STRING{g3        = "Proc. IEEE Int. Conf. 3rd Generation Wireless Commun."}
@STRING{siam      = "J. SIAM."}
@STRING{proc-ieee = "Proc. IEEE"}
@STRING{percomm   = "IEEE Personal Commun."}


@INPROCEEDINGS{926982, 
author={W. R. {Heinzelman} and A. {Chandrakasan} and H. {Balakrishnan}}, 
booktitle={Proceedings of the 33rd Annual Hawaii International Conference on System Sciences}, 
title={Energy-efficient communication protocol for wireless microsensor networks}, 
year={2000}, 
volume={}, 
number={}, 
pages={10 pp. vol.2}, 
keywords={protocols;sensor fusion;military communication;microsensors;mobile radio;telecommunication network routing;energy-efficient communication protocol;wireless distributed microsensor system;reliable monitoring;civil applications;military applications;energy dissipation;LEACH;Low-Energy Adaptive Clustering Hierarchy;clustering-based protocol;randomized local cluster based station rotation;energy load distribution;localized coordination;scalability;robustness;dynamic networks;data fusion;routing protocol;simulations;useful system lifetime;Energy efficiency;Wireless application protocol;Wireless communication;Microsensors;Energy dissipation;Routing protocols;Telecommunication network reliability;Monitoring;Spread spectrum communication;Scalability}, 
doi={10.1109/HICSS.2000.926982}, 
ISSN={}, 
month={Jan},}


@INPROCEEDINGS{Chunyao2013AnEB,
  title={An Energy Balanced Algorithm of LEACH Protocol in WSN},
  author={FU Chunyao and Zhifang Jiang and Wei Wei and Ang Jian Wei},
  year={2013}
}

@ARTICLE{1045297, 
author={W. B. {Heinzelman} and A. P. {Chandrakasan} and H. {Balakrishnan}}, 
journal={IEEE Transactions on Wireless Communications}, 
title={An application-specific protocol architecture for wireless microsensor networks}, 
year={2002}, 
volume={1}, 
number={4}, 
pages={660-670}, 
keywords={electric sensing devices;radio networks;adaptive systems;access protocols;distributed processing;telecommunication network routing;application-specific protocol architecture;wireless microsensor networks;microsensor nodes;remote environment monitoring;wireless communication protocols;low-energy adaptive clustering hierarchy;LEACH;protocol architecture;microsensor networks;energy-efficient cluster-based routing;energy-efficient media access;application-specific data aggregation;system lifetime;network performance;distributed cluster formation;latency;application-perceived quality;self-organization;cluster head positions rotation;distributed signal processing;general-purpose multihopping;media access control protocols;routing protocols;wireless channel;Wireless application protocol;Microsensors;Energy efficiency;Delay;Signal processing algorithms;Remote monitoring;Intelligent networks;Robustness;Wireless communication;Access protocols}, 
doi={10.1109/TWC.2002.804190}, 
ISSN={1536-1276}, 
month={Oct},}


@phdthesis{104529777, 
author={W. B. {Heinzelman}}, 
school={Massachusetts Institute of Technology}, 
title={Application-specific Protocol Architectures for Wireless Networks}, 
year={2000}}

@INPROCEEDINGS{4394931, 
author={F. {Xiangning} and S. {Yulin}}, 
booktitle={2007 International Conference on Sensor Technologies and Applications (SENSORCOMM 2007)}, 
title={Improvement on LEACH Protocol of Wireless Sensor Network}, 
year={2007}, 
volume={}, 
number={}, 
pages={260-264}, 
keywords={protocols;wireless sensor networks;wireless sensor network;forward energy-LEACH protocol;multihop-LEACH protocol;Wireless application protocol;Wireless sensor networks;Spread spectrum communication;Flowcharts;Intelligent sensors;Routing protocols;Energy consumption;Mobile communication;Clustering algorithms;Steady-state}, 
doi={10.1109/SENSORCOMM.2007.4394931}, 
ISSN={}, 
month={Oct},}

@INPROCEEDINGS{7342720, 
author={C. T. {Sony} and C. P. {Sangeetha} and C. D. {Suriyakala}}, 
booktitle={2015 Global Conference on Communication Technologies (GCCT)}, 
title={Multi-hop LEACH protocol with modified cluster head selection and TDMA schedule for wireless sensor networks}, 
year={2015}, 
volume={}, 
number={}, 
pages={539-543}, 
keywords={routing protocols;telecommunication scheduling;wireless sensor networks;multihop LEACH protocol;modified cluster head selection;TDMA schedule;wireless sensor networks;WSN;low energy adaptive cluster hierarchy;time division multiple access;Protocols;Time division multiple access;Spread spectrum communication;Wireless sensor networks;Schedules;Energy efficiency;Base stations;LEACH;Modified LEACH;Cluster Head;dead nodes;multi-hop}, 
doi={10.1109/GCCT.2015.7342720}, 
ISSN={}, 
month={April},}

@INPROCEEDINGS{6200608, 
author={M. {Sharma} and K. {Sharma}}, 
booktitle={2012 International Conference on Communication Systems and Network Technologies}, 
title={An Energy Efficient Extended LEACH (EEE LEACH)}, 
year={2012}, 
volume={}, 
number={}, 
pages={377-382}, 
keywords={energy conservation;protocols;wireless sensor networks;energy efficient extended leach;EEE LEACH;LEACH protocol;multilevel clustering approach;communication distance minimisation;nodes;master cluster heads;MATLAB;wireless sensor network;Protocols;Base stations;Sensors;Wireless sensor networks;Energy efficiency;Mathematical model;Energy consumption;Cluster;Energy;LEACH;EEE LEACH}, 
doi={10.1109/CSNT.2012.88}, 
ISSN={}, 
month={May},}

@INPROCEEDINGS{6524310, 
author={A. {Ahlawat} and V. {Malik}}, 
booktitle={2013 Third International Conference on Advanced Computing and Communication Technologies (ACCT)}, 
title={An Extended Vice-Cluster Selection Approach to Improve V Leach Protocol in WSN}, 
year={2013}, 
volume={}, 
number={}, 
pages={236-240}, 
keywords={routing protocols;wireless sensor networks;extended vice cluster selection;WSN;clustering routing protocol LEACH;v-leach protocol;vice cluster head selection;maximum residual energy;minimum energy;network life time;wireless sensor networks;Protocols;Wireless sensor networks;Sensors;Clustering algorithms;Robustness;Educational institutions;Clustering;LEACH protocol;VLEACH;Wireless Sensor Network;Network life time}, 
doi={10.1109/ACCT.2013.60}, 
ISSN={2327-0659}, 
month={April},}

