@STRING{vehi  = "IEEE Trans. Veh. Technol."}
@STRING{tvt  = "IEEE Trans. Veh. Technol."}

@STRING{sig   = "IEEE Trans. Signal Process."}
@STRING{tsp   = "IEEE Trans. Signal Process."}

@STRING{anten   = "IEEE Trans. Antennas and Propagation."}
@STRING{euro  = "European Trans. Telecommun. Related Technol."}
@STRING{el    = "Electronics Letters"}
@STRING{bell  = "Bell System Tech. J."}
@STRING{comm-mag  = "IEEE Commun. Mag."}
@STRING{ieice-comm  = "IEICE Trans. Commun."}
@STRING{ieice-fund  = "IEICE Trans. Fundamentals"}
@STRING{allerton  = "Allerton Conf. Commun. Contr. and Comp."}
@STRING{isit      = "Proc. IEEE Int. Symp. Inform. Theory"}
@STRING{isita     = "Proc. IEEE Int. Symp. Inform. Theory and Its Appl."}
@STRING{isssta    = "Proc. IEEE Int. Symp. Spread Spectrum Tech. Appl."}
@STRING{seta      = "Proc. IEEE Int. Conf. Sequences. and Their Appl."}
@STRING{icc       = "Proc. IEEE Int. Conf. Commun."}
@STRING{globe     = "Proc. IEEE Global Telecommun. Conf."}
@STRING{ccece     = " Proc. IEEE Canadian Conference on Electrical and Computer Engineering  "}
@STRING{vtc       = "Proc. IEEE Veh. Technol. Conf."}
@STRING{wcnc      = "Proc. IEEE Wireless Commun. and Networking. Conf."}
@STRING{milcom    = "Proc. IEEE Military Commun. Conf."}
@STRING{g3        = "Proc. IEEE Int. Conf. 3rd Generation Wireless Commun."}
@STRING{siam      = "J. SIAM."}
@STRING{proc-ieee = "Proc. IEEE"}
@STRING{percomm   = "IEEE Personal Commun."}

@ARTICLE{5408367, 
	author={T. Hu and Y. Fei}, 
	journal={IEEE Transactions on Mobile Computing}, 
	title={QELAR: A Machine-Learning-Based Adaptive Routing Protocol for Energy-Efficient and Lifetime-Extended Underwater Sensor Networks}, 
	year={2010}, 
	volume={9}, 
	number={6}, 
	pages={796-809}, 
	keywords={access protocols;learning (artificial intelligence);mobile communication;routing protocols;telecommunication computing;underwater acoustic communication;wireless sensor networks;QELAR;machine-learning-based adaptive routing protocol;underwater sensor networks;energy consumption;MAC protocols;wireless communication;underwater sensor nodes mobility;Routing protocols;Energy efficiency;Acoustic sensors;Sensor phenomena and characterization;Media Access Protocol;Monitoring;Delay;Bandwidth;Energy consumption;Underwater acoustics;Routing protocols;distributed networks;wireless communication;mobile communication systems.}, 
	doi={10.1109/TMC.2010.28}, 
	ISSN={1536-1233}, 
	month={June},}

@ARTICLE{7792369, 
	author={N. Kato and Z. M. Fadlullah and B. Mao and F. Tang and O. Akashi and T. Inoue and K. Mizutani}, 
	journal={IEEE Wireless Communications}, 
	title={The Deep Learning Vision for Heterogeneous Network Traffic Control: Proposal, Challenges, and Future Perspective}, 
	year={2017}, 
	volume={24}, 
	number={3}, 
	pages={146-153}, 
	ISSN={1536-1284}, 
	month={June},}

@ARTICLE{YangMinLee, 
	author={YangMin Lee}, 
	journal={Ad Hoc Networks}, 
	title={Classification of node degree based on deep learning and routing method applied for virtual route assignment}, 
	year={2017}, 
	volume={58}, 
	number={}, 
	pages={70-85},
	doi={10.1016/j.adhoc.2016.11.007}, 
	ISSN={1570-8705}, 
	month={April},}

@ARTICLE{DBLP:journals/corr/abs-1709-07080,
	author    = {Giorgio Stampa and
	Marta Arias and
	David Sanchez{-}Charles and
	Victor Munt{\'{e}}s{-}Mulero and
	Albert Cabellos},
	title     = {A Deep-Reinforcement Learning Approach for Software-Defined Networking
	Routing Optimization},
	journal   = {CoRR},
	volume    = {abs/1709.07080},
	year      = {2017},
	url       = {http://arxiv.org/abs/1709.07080},
	archivePrefix = {arXiv},
	eprint    = {1709.07080},
	timestamp = {Mon, 13 Aug 2018 16:47:52 +0200},
	biburl    = {https://dblp.org/rec/bib/journals/corr/abs-1709-07080},
	bibsource = {dblp computer science bibliography, https://dblp.org}
}

@ARTICLE{7935536, 
	author={B. Mao and Z. M. Fadlullah and F. Tang and N. Kato and O. Akashi and T. Inoue and K. Mizutani}, 
	journal={IEEE Transactions on Computers}, 
	title={Routing or Computing? The Paradigm Shift Towards Intelligent Computer Network Packet Transmission Based on Deep Learning}, 
	year={2017}, 
	volume={66}, 
	number={11}, 
	pages={1946-1960}, 
	doi={10.1109/TC.2017.2709742}, 
	ISSN={0018-9340}, 
	month={Nov},}
