@STRING{vehi  = "IEEE Trans. Veh. Technol."}
@STRING{tvt  = "IEEE Trans. Veh. Technol."}

@STRING{sig   = "IEEE Trans. Signal Process."}
@STRING{tsp   = "IEEE Trans. Signal Process."}

@STRING{anten   = "IEEE Trans. Antennas and Propagation."}
@STRING{euro  = "European Trans. Telecommun. Related Technol."}
@STRING{el    = "Electronics Letters"}
@STRING{bell  = "Bell System Tech. J."}
@STRING{comm-mag  = "IEEE Commun. Mag."}
@STRING{ieice-comm  = "IEICE Trans. Commun."}
@STRING{ieice-fund  = "IEICE Trans. Fundamentals"}
@STRING{allerton  = "Allerton Conf. Commun. Contr. and Comp."}
@STRING{isit      = "Proc. IEEE Int. Symp. Inform. Theory"}
@STRING{isita     = "Proc. IEEE Int. Symp. Inform. Theory and Its Appl."}
@STRING{isssta    = "Proc. IEEE Int. Symp. Spread Spectrum Tech. Appl."}
@STRING{seta      = "Proc. IEEE Int. Conf. Sequences. and Their Appl."}
@STRING{icc       = "Proc. IEEE Int. Conf. Commun."}
@STRING{globe     = "Proc. IEEE Global Telecommun. Conf."}
@STRING{ccece     = " Proc. IEEE Canadian Conference on Electrical and Computer Engineering  "}
@STRING{vtc       = "Proc. IEEE Veh. Technol. Conf."}
@STRING{wcnc      = "Proc. IEEE Wireless Commun. and Networking. Conf."}
@STRING{milcom    = "Proc. IEEE Military Commun. Conf."}
@STRING{g3        = "Proc. IEEE Int. Conf. 3rd Generation Wireless Commun."}
@STRING{siam      = "J. SIAM."}
@STRING{proc-ieee = "Proc. IEEE"}
@STRING{percomm   = "IEEE Personal Commun."}


@ARTICLE{8465504, 
author={T. M. {Behera} and U. C. {Samal} and S. K. {Mohapatra}}, 
journal={IET Wireless Sensor Systems}, 
title={Energy-efficient modified LEACH protocol for IoT application}, 
year={2018}, 
volume={8}, 
number={5}, 
pages={223-228}, 
keywords={wireless sensor networks;energy conservation;Internet of Things;access protocols;telecommunication power management;battery power;energy consumption;hierarchical clustering algorithm;cluster head selection;energy efficient protocols;IoT application;wireless sensor networks;WSN;low-energy adaptive clustering hierarchy;LEACH protocol;Internet of Things;network lifetime}, 
doi={10.1049/iet-wss.2017.0099}, 
ISSN={2043-6386}, 
month={},}


@ARTICLE{7763028, 
author={A. {Ray} and D. {De}}, 
journal={IET Wireless Sensor Systems}, 
title={Energy efficient clustering protocol based on K-means (EECPK-means)-midpoint algorithm for enhanced network lifetime in wireless sensor network}, 
year={2016}, 
volume={6}, 
number={6}, 
pages={181-191}, 
keywords={energy conservation;protocols;wireless sensor networks;BPK-means protocol;energy consumption;energy efficiency;Park's approach;balanced parallel K-means;LEACH-B;multihop communication;Euclidean distance;cluster heads;improve initial centroid selection procedure;on K-means algorithm;base station;sensor nodes;WSN;wireless sensor network;enhanced network lifetime;K-means-midpoint algorithm;energy efficient clustering protocol}, 
doi={10.1049/iet-wss.2015.0087}, 
ISSN={2043-6386}, 
month={},}

@INPROCEEDINGS{6993070, 
author={A. {Antoo} and A. R. {Mohammed}}, 
booktitle={2014 International Conference on Control, Instrumentation, Communication and Computational Technologies (ICCICCT)}, 
title={EEM-LEACH: Energy efficient multi-hop LEACH routing protocol for clustered WSNs}, 
year={2014}, 
volume={}, 
number={}, 
pages={812-818}, 
keywords={energy conservation;routing protocols;telecommunication power management;wireless sensor networks;cluster head selection;network lifetime;minimum energy consumption;maximum residual energy;direct data transfer;base station;multihop path;data aggregation;divide and conquer;energy dissipation;sensor nodes;wireless sensor networks;clustered WSN;energy efficient multihop LEACH routing protocol;EEM-LEACH;Base stations;Spread spectrum communication;Wireless sensor networks;Measurement;Energy consumption;Routing protocols;EEM-LEACH;multi-hop inter cluster communication;minimum communication cost;residual energy based cluster head selection;average energy consumption;clustered WSNs}, 
doi={10.1109/ICCICCT.2014.6993070}, 
ISSN={}, 
month={July},}

@article{article,
author = {Zhang, Haitao and Zhang, Shiwei and Bu, Wen},
year = {2014},
month = {03},
pages = {71-82},
title = {A Clustering Routing Protocol for Energy Balance of Wireless Sensor Network based on Simulated Annealing and Genetic Algorithm},
volume = {7},
journal = {International Journal of Hybrid Information Technology},
doi = {10.14257/ijhit.2014.7.2.08}
}

@inproceedings{Liu2011LEACHGAGA,
  title={LEACH-GA: Genetic Algorithm-Based Energy-Efficient Adaptive Clustering Protocol for Wireless Sensor Networks},
  booktitle={Int. J. Mach. Learn. Comput.}, 
  pages = {79-85},
  author={Jenn-Long Liu and Chinya V. Ravishankar},
  year={2011}
}





