@STRING{vehi  = "IEEE Trans. Veh. Technol."}
@STRING{tvt  = "IEEE Trans. Veh. Technol."}

@STRING{sig   = "IEEE Trans. Signal Process."}
@STRING{tsp   = "IEEE Trans. Signal Process."}

@STRING{anten   = "IEEE Trans. Antennas and Propagation."}
@STRING{euro  = "European Trans. Telecommun. Related Technol."}
@STRING{el    = "Electronics Letters"}
@STRING{bell  = "Bell System Tech. J."}
@STRING{comm-mag  = "IEEE Commun. Mag."}
@STRING{ieice-comm  = "IEICE Trans. Commun."}
@STRING{ieice-fund  = "IEICE Trans. Fundamentals"}
@STRING{allerton  = "Allerton Conf. Commun. Contr. and Comp."}
@STRING{isit      = "Proc. IEEE Int. Symp. Inform. Theory"}
@STRING{isita     = "Proc. IEEE Int. Symp. Inform. Theory and Its Appl."}
@STRING{isssta    = "Proc. IEEE Int. Symp. Spread Spectrum Tech. Appl."}
@STRING{seta      = "Proc. IEEE Int. Conf. Sequences. and Their Appl."}
@STRING{icc       = "Proc. IEEE Int. Conf. Commun."}
@STRING{globe     = "Proc. IEEE Global Telecommun. Conf."}
@STRING{ccece     = " Proc. IEEE Canadian Conference on Electrical and Computer Engineering  "}
@STRING{vtc       = "Proc. IEEE Veh. Technol. Conf."}
@STRING{wcnc      = "Proc. IEEE Wireless Commun. and Networking. Conf."}
@STRING{milcom    = "Proc. IEEE Military Commun. Conf."}
@STRING{g3        = "Proc. IEEE Int. Conf. 3rd Generation Wireless Commun."}
@STRING{siam      = "J. SIAM."}
@STRING{proc-ieee = "Proc. IEEE"}
@STRING{percomm   = "IEEE Personal Commun."}

@phdthesis{104529777, 
author={W. B. {Heinzelman}}, 
school={Massachusetts Institute of Technology}, 
title={Application-specific Protocol Architectures for Wireless Networks}, 
year={2000}}


@INPROCEEDINGS{5601113, 
author={M. {Tong} and M. {Tang}}, 
booktitle={2010 6th International Conference on Wireless Communications Networking and Mobile Computing (WiCOM)}, 
title={LEACH-B: An Improved LEACH Protocol for Wireless Sensor Network}, 
year={2010}, 
volume={}, 
number={}, 
pages={1-4}, 
keywords={access protocols;wireless sensor networks;LEACH-B protocol;wireless sensor network;cluster head;node residual energy;LEACH-balanced protocol;MATLAB;system energy consumption;network lifetime;low-energy adaptive clustering hierarchy protocol;Wireless sensor networks;Clustering algorithms;Wireless communication;Routing protocols;Routing;Mathematical model}, 
doi={10.1109/WICOM.2010.5601113}, 
ISSN={2161-9646}, 
month={Sep.},}

@ARTICLE{1045297, 
author={W. B. {Heinzelman} and A. P. {Chandrakasan} and H. {Balakrishnan}}, 
journal={IEEE Transactions on Wireless Communications}, 
title={An application-specific protocol architecture for wireless microsensor networks}, 
year={2002}, 
volume={1}, 
number={4}, 
pages={660-670}, 
keywords={electric sensing devices;radio networks;adaptive systems;access protocols;distributed processing;telecommunication network routing;application-specific protocol architecture;wireless microsensor networks;microsensor nodes;remote environment monitoring;wireless communication protocols;low-energy adaptive clustering hierarchy;LEACH;protocol architecture;microsensor networks;energy-efficient cluster-based routing;energy-efficient media access;application-specific data aggregation;system lifetime;network performance;distributed cluster formation;latency;application-perceived quality;self-organization;cluster head positions rotation;distributed signal processing;general-purpose multihopping;media access control protocols;routing protocols;wireless channel;Wireless application protocol;Microsensors;Energy efficiency;Delay;Signal processing algorithms;Remote monitoring;Intelligent networks;Robustness;Wireless communication;Access protocols}, 
doi={10.1109/TWC.2002.804190}, 
ISSN={1536-1276}, 
month={Oct},}


@article{article,
author = {Srikanth, Nandoori and Ganga Prasad, M.S.},
year = {2018},
month = {08},
pages = {61-71},
title = {Efficient Clustering Protocol Using Fuzzy K-means and Midpoint Algorithm for Lifetime Improvement in WSNs},
volume = {11},
journal = {International Journal of Intelligent Engineering and Systems},
doi = {10.22266/ijies2018.0831.07}
}

@article{report,
author = {Christian Bauckhage },
year = {2015},
month = {},
pages = {},
title = {Lecture Notes on Data Science: Soft k-Means Clustering},
volume = {},
journal = {},
doi = {}
}


@ARTICLE{7763028, 
author={A. {Ray} and D. {De}}, 
journal={IET Wireless Sensor Systems}, 
title={Energy efficient clustering protocol based on K-means (EECPK-means)-midpoint algorithm for enhanced network lifetime in wireless sensor network}, 
year={2016}, 
volume={6}, 
number={6}, 
pages={181-191}, 
keywords={energy conservation;protocols;wireless sensor networks;BPK-means protocol;energy consumption;energy efficiency;Park's approach;balanced parallel K-means;LEACH-B;multihop communication;Euclidean distance;cluster heads;improve initial centroid selection procedure;on K-means algorithm;base station;sensor nodes;WSN;wireless sensor network;enhanced network lifetime;K-means-midpoint algorithm;energy efficient clustering protocol}, 
doi={10.1049/iet-wss.2015.0087}, 
ISSN={2043-6386}, 
month={}}


@article{reportkernel,
author = {Christian B },
year = {2019},
title = {Lecture Notes on Machine Learning: Kernel k-Means Clustering},
volume = {},
journal = {},
doi = {}}

@Article{jsss-5-63-2016,
AUTHOR = {Mebratu, D. D. and Kim, C.},
TITLE = {Combination of clustering algorithms to maximize the lifespan of distributed wireless sensors},
JOURNAL = {Journal of Sensors and Sensor Systems},
VOLUME = {5},
YEAR = {2016},
NUMBER = {1},
PAGES = {63--72},
URL = {https://www.j-sens-sens-syst.net/5/63/2016/},
DOI = {10.5194/jsss-5-63-2016}
}

@Article{Sangameswaran,
AUTHOR = {A. S. D. Sasikala and N. Sangameswaran},
TITLE = {Improving the energy efficiency of LEACH protocol using VCH in wireless sensor network},
JOURNAL = {International Journal of Engineering Development and Research},
VOLUME = {3},
YEAR = {2015},
NUMBER = {2},
PAGES = {918--924},
URL = {},
DOI = {}
}

@INPROCEEDINGS{5693275, 
author={H. M. {Abdulsalam} and L. K. {Kamel}}, 
JOURNAL={2010 IEEE International Conference on Data Mining Workshops}, 
title={W-LEACH: Weighted Low Energy Adaptive Clustering Hierarchy Aggregation Algorithm for Data Streams in Wireless Sensor Networks}, 
year={2010}, 
volume={}, 
number={}, 
pages={1-8}, 
keywords={data mining;pattern clustering;telecommunication computing;wireless sensor networks;weighted low energy adaptive clustering hierarchy aggregation;wireless sensor network;data stream;W-LEACH;nonuniform WSN;data mining;nonuniform network;Sensors;Wireless sensor networks;Clustering algorithms;Base stations;Routing;Algorithm design and analysis;Mathematical model;Data aggregation;wireless sensor networks;data mining;data streams}, 
doi={10.1109/ICDMW.2010.28}, 
ISSN={2375-9232}, 
month={Dec}}

@article{doi:10.1155/2013/289527,
author = {Hanady M. Abdulsalam and Bader A. Ali},
title ={W-LEACH Based Dynamic Adaptive Data Aggregation Algorithm for Wireless Sensor Networks},
journal = {International Journal of Distributed Sensor Networks},
volume = {9},
number = {9},
pages = {289527},
year = {2013},
doi = {10.1155/2013/289527}
}

@INPROCEEDINGS{6375088, 
author={P. {Sasikumar} and S. {Khara}}, 
title={2012 Fourth International Conference on Computational Intelligence and Communication Networks}, 
title={K-Means Clustering in Wireless Sensor Networks}, 
year={2012}, 
volume={}, 
number={}, 
pages={140-144}, 
keywords={pattern clustering;wireless sensor networks;wireless sensor network;spatially distributed autonomous sensors;environmental condition;base station;network stability;central processing unit;distributed method;network lifetime;distributed k means clustering algorithm;network simulator;computing cluster center;stopping criterion;distributed clustering;centralized clustering;Clustering algorithms;Wireless sensor networks;Sensors;Algorithm design and analysis;Partitioning algorithms;Base stations;Energy efficiency;wireless sensor network;clustering;ns-2;k-means;network stability}, 
doi={10.1109/CICN.2012.136}, 
ISSN={}, 
month={Nov}}

@article{doi:10.1155/2016/5040475,
author = {Sasikumar Periyasamy and Sibaram Khara and Shankar Thangavelu},
title ={Balanced Cluster Head Selection Based on Modified k-Means in a Distributed Wireless Sensor Network},
journal = {International Journal of Distributed Sensor Networks},
volume = {12},
number = {3},
pages = {5040475},
year = {2016},
doi = {10.1155/2016/5040475}
}

@article{doi:10.1080/02331880500439782,
author = { Tine   Buch-larsen  and  Jens   Perch   Nielsen  and  Montserrat   Guillén  and  Catalina   Bolancé },
title = {Kernel density estimation for heavy-tailed distributions using the champernowne transformation},
journal = {Statistics},
volume = {39},
number = {6},
pages = {503-516},
year  = {2005},
publisher = {Taylor & Francis},
doi = {10.1080/02331880500439782}

}
